<record><leader>00000cas a22000007  4500</leader><controlfield tag="001">9303821</controlfield><controlfield tag="008">830311u1901uuuunyudn ne      0    0hun d</controlfield><controlfield tag="009">540</controlfield><datafield ind1=" " ind2=" " tag="010"><subfield code="a">sn 83045064 </subfield></datafield><datafield ind1=" " ind2=" " tag="040"><subfield code="a">CRL</subfield><subfield code="b">eng</subfield><subfield code="c">CRL</subfield><subfield code="d">NPW</subfield></datafield><datafield ind1="1" ind2=" " tag="029"><subfield code="a">AU@</subfield><subfield code="b">000025808775</subfield></datafield><datafield ind1=" " ind2=" " tag="042"><subfield code="a">msc</subfield></datafield><datafield ind1="0" ind2=" " tag="130"><subfield code="a">Amerikai magyar vila&#769;g (New York, N.Y.)</subfield></datafield><datafield ind1="0" ind2="0" tag="245"><subfield code="a">Amerikai magyar vila&#769;g.</subfield><subfield code="b">Hungarian daily world.</subfield></datafield><datafield ind1="1" ind2="1" tag="246"><subfield code="a">Hungarian daily world</subfield></datafield><datafield ind1=" " ind2=" " tag="260"><subfield code="a">New York.</subfield></datafield><datafield ind1=" " ind2=" " tag="300"><subfield code="a">v.</subfield></datafield><datafield ind1=" " ind2=" " tag="310"><subfield code="a">Daily (except Sunday and certain holidays)</subfield></datafield><datafield ind1="1" ind2=" " tag="362"><subfield code="a">Began 1901.</subfield><subfield code="z">Cf. NIM, 1973-1977.</subfield></datafield><datafield ind1=" " ind2=" " tag="546"><subfield code="a">In Hungarian.</subfield></datafield><datafield ind1=" " ind2=" " tag="752"><subfield code="a">United States</subfield><subfield code="b">New York</subfield><subfield code="c">New York</subfield><subfield code="d">New York</subfield></datafield></record>